{
  "leader": "05212cam a2200649 a 4500",
  "fields": [
    {
      "001": "ocm32970834\\"
    },
    {
      "003": "OCoLC"
    },
    {
      "005": "20220105110937.0"
    },
    {
      "008": "950727s1996\\\\\\\\dcu\\\\\\\\\\\\b\\\\\\\\001\\0\\eng\\\\"
    },
    {
      "010": {
        "ind1": "\\",
        "ind2": "\\",
        "subfields": [
          {
            "a": "   95024894 "
          }
        ]
      }
    },
    {
      "040": {
        "ind1": "\\",
        "ind2": "\\",
        "subfields": [
          {
            "a": "DLC"
          },
          {
            "b": "eng"
          },
          {
            "c": "DLC"
          },
          {
            "d": "UKM"
          },
          {
            "d": "UBA"
          },
          {
            "d": "LAS"
          },
          {
            "d": "MUQ"
          },
          {
            "d": "BAKER"
          },
          {
            "d": "NLGGC"
          },
          {
            "d": "BTCTA"
          },
          {
            "d": "YDXCP"
          },
          {
            "d": "UAB"
          },
          {
            "d": "XII"
          },
          {
            "d": "CHVBK"
          },
          {
            "d": "HEBIS"
          },
          {
            "d": "OCLCQ"
          },
          {
            "d": "ZWZ"
          },
          {
            "d": "BDX"
          },
          {
            "d": "OCLCF"
          },
          {
            "d": "OCLCO"
          },
          {
            "d": "OCLCQ"
          },
          {
            "d": "EUW"
          },
          {
            "d": "OCLCO"
          },
          {
            "d": "OCLCQ"
          },
          {
            "d": "OCL"
          },
          {
            "d": "BUF"
          },
          {
            "d": "OCLCO"
          },
          {
            "d": "XFF"
          },
          {
            "d": "OCLCO"
          },
          {
            "d": "OCLCA"
          },
          {
            "d": "CNO"
          },
          {
            "d": "CCH"
          },
          {
            "d": "GILDS"
          },
          {
            "d": "CEF"
          },
          {
            "d": "TYC"
          },
          {
            "d": "CRU"
          },
          {
            "d": "FQG"
          },
          {
            "d": "CPS"
          },
          {
            "d": "OCLCQ"
          },
          {
            "d": "OCLCO"
          },
          {
            "d": "CPO"
          },
          {
            "d": "NAM"
          },
          {
            "d": "PAU"
          },
          {
            "d": "SNN"
          },
          {
            "d": "NJR"
          },
          {
            "d": "INT"
          },
          {
            "d": "EUM"
          },
          {
            "d": "URS"
          },
          {
            "d": "QE2"
          },
          {
            "d": "BGU"
          },
          {
            "d": "TJC"
          },
          {
            "d": "WYU"
          },
          {
            "d": "UKMGB"
          },
          {
            "d": "UWO"
          },
          {
            "d": "IOG"
          },
          {
            "d": "UKUOY"
          },
          {
            "d": "GDC"
          },
          {
            "d": "OCLCQ"
          },
          {
            "d": "EZC"
          },
          {
            "d": "LGG"
          },
          {
            "d": "OCLCQ"
          },
          {
            "d": "UWW"
          },
          {
            "d": "CBA"
          },
          {
            "d": "ETS"
          },
          {
            "d": "WCM"
          },
          {
            "d": "J9U"
          },
          {
            "d": "GZN"
          },
          {
            "d": "OCLCA"
          },
          {
            "d": "NJT"
          },
          {
            "d": "AZN"
          },
          {
            "d": "OCLCQ"
          },
          {
            "d": "OCLCO"
          },
          {
            "d": "OCLCA"
          },
          {
            "d": "L2U"
          },
          {
            "d": "IL4J6"
          },
          {
            "d": "OCLCO"
          },
          {
            "d": "OCLCA"
          }
        ]
      }
    },
    {
      "016": {
        "ind1": "7",
        "ind2": "\\",
        "subfields": [
          {
            "a": "009410553"
          },
          {
            "2": "Uk"
          }
        ]
      }
    },
    {
      "019": {
        "ind1": "\\",
        "ind2": "\\",
        "subfields": [
          {
            "a": "34723344"
          },
          {
            "a": "1167013338"
          }
        ]
      }
    },
    {
      "020": {
        "ind1": "\\",
        "ind2": "\\",
        "subfields": [
          {
            "a": "0521497418"
          },
          {
            "q": "(hc)"
          }
        ]
      }
    },
    {
      "020": {
        "ind1": "\\",
        "ind2": "\\",
        "subfields": [
          {
            "a": "9780521497411"
          },
          {
            "q": "(hc)"
          }
        ]
      }
    },
    {
      "035": {
        "ind1": "\\",
        "ind2": "\\",
        "subfields": [
          {
            "a": "(OCoLC)32970834"
          },
          {
            "z": "(OCoLC)34723344"
          },
          {
            "z": "(OCoLC)1167013338"
          }
        ]
      }
    },
    {
      "043": {
        "ind1": "\\",
        "ind2": "\\",
        "subfields": [
          {
            "a": "e-uk---"
          },
          {
            "a": "e-gx---"
          },
          {
            "a": "n-us---"
          }
        ]
      }
    },
    {
      "050": {
        "ind1": "0",
        "ind2": "0",
        "subfields": [
          {
            "a": "E184.G3"
          },
          {
            "b": "F73 1996"
          }
        ]
      }
    },
    {
      "082": {
        "ind1": "0",
        "ind2": "0",
        "subfields": [
          {
            "a": "306.4208931073"
          },
          {
            "b": "FOR"
          }
        ]
      }
    },
    {
      "245": {
        "ind1": "0",
        "ind2": "0",
        "subfields": [
          {
            "a": "Forced migration and scientific change :"
          },
          {
            "b": "emigre German-speaking scientists and scholars after 1933 /"
          },
          {
            "c": "edited by Mitchell G. Ash and Alfons So\u0308llner."
          }
        ]
      }
    },
    {
      "260": {
        "ind1": "\\",
        "ind2": "\\",
        "subfields": [
          {
            "a": "Washington, D.C. :"
          },
          {
            "b": "German Historical Institute ;"
          },
          {
            "a": "Cambridge, England :"
          },
          {
            "b": "Cambridge University Press,"
          },
          {
            "c": "1996."
          }
        ]
      }
    },
    {
      "300": {
        "ind1": "\\",
        "ind2": "\\",
        "subfields": [
          {
            "a": "xviii, 301 pages ;"
          },
          {
            "c": "24 cm"
          }
        ]
      }
    },
    {
      "336": {
        "ind1": "\\",
        "ind2": "\\",
        "subfields": [
          {
            "a": "text"
          },
          {
            "b": "txt"
          },
          {
            "2": "rdacontent"
          }
        ]
      }
    },
    {
      "337": {
        "ind1": "\\",
        "ind2": "\\",
        "subfields": [
          {
            "a": "unmediated"
          },
          {
            "b": "n"
          },
          {
            "2": "rdamedia"
          }
        ]
      }
    },
    {
      "338": {
        "ind1": "\\",
        "ind2": "\\",
        "subfields": [
          {
            "a": "volume"
          },
          {
            "b": "nc"
          },
          {
            "2": "rdacarrier"
          }
        ]
      }
    },
    {
      "490": {
        "ind1": "1",
        "ind2": "\\",
        "subfields": [
          {
            "a": "Publications of the German Historical Institute"
          }
        ]
      }
    },
    {
      "504": {
        "ind1": "\\",
        "ind2": "\\",
        "subfields": [
          {
            "a": "Includes bibliographical references and index."
          }
        ]
      }
    },
    {
      "505": {
        "ind1": "0",
        "ind2": "0",
        "subfields": [
          {
            "g": "Introduction :"
          },
          {
            "t": "Forced migration and scientific change after 1933 /"
          },
          {
            "r": "Mitchell G. Ash and Alfons So\u0308llner --"
          },
          {
            "g": "Part one : Physical and medical sciences --"
          },
          {
            "t": "Identification of emigration-induced scientific change /"
          },
          {
            "r": "Klaus Fischer --"
          },
          {
            "t": "Physics, life, and contingency : Born, Schro\u0308dinger, and Weyl in exile /"
          },
          {
            "r": "Sku\u0301li Sigurdsson --"
          },
          {
            "t": "Emigration from country and discipline : the journey of a German physicist into American photosythesis research /"
          },
          {
            "r": "Alan D. Beyerchen --"
          },
          {
            "t": "The impact of German medical scientists on British medicine : a case study of Oxford, 1933-45 /"
          },
          {
            "r": "Paul Weindling --"
          },
          {
            "g": "Part two : Psychology, psychoanalysis, pedagogy --"
          },
          {
            "t": "Emigre\u0301 psychologists after 1933 : the cultural coding of scientific and professional practices /"
          },
          {
            "r": "Mitchell G. Ash --"
          },
          {
            "t": "Psychoanalytic science : from Oedipus to culture /"
          },
          {
            "r": "Edith Kurzweil --"
          },
          {
            "t": "The impact of emigration on German pedagogy /"
          },
          {
            "r": "Heinz-Elmar Tenorth and Klaud Horn --"
          },
          {
            "g": "Part three : Social sciences --"
          },
          {
            "t": "Dismissal and emigration of German-speaking economists after 1933 /"
          },
          {
            "r": "Claus-Dieter Krohn --"
          },
          {
            "t": "Emigration of social scientists' schools from Austria /"
          },
          {
            "r": "Christian Fleck --"
          },
          {
            "t": "The Vienna Circle in the United States and empirical research methods in sociology /"
          },
          {
            "r": "Jennifer Platt and Paul K. Hoch --"
          },
          {
            "t": "From public law to political science? The emigration of German scholars after 1933 and their influence on the transformation of a discipline /"
          },
          {
            "r": "Alfons So\u0308llner --"
          },
          {
            "g": "Epilogue :"
          },
          {
            "t": "The refugee scholar in America : the case of Paul Tillich /"
          },
          {
            "r": "Karen J. Greenberg."
          }
        ]
      }
    },
    {
      "520": {
        "ind1": "\\",
        "ind2": "\\",
        "subfields": [
          {
            "a": "The dismissal of civil servants on racial or political grounds in April 1933 marked the beginning of a massive, forced exodus of mainly Jewish scholars and scientists from Nazi Germany - a phenomenon unprecedented in the modern history of academic life. Did the \"exodus of reason\" lead to significant scientific change, and if so, how should that change be characterized? The essays in this book present answers to these questions, and contribute to the comparative study of science in culture."
          }
        ]
      }
    },
    {
      "651": {
        "ind1": "\\",
        "ind2": "0",
        "subfields": [
          {
            "a": "Germany"
          },
          {
            "x": "Emigration and immigration"
          },
          {
            "x": "History"
          },
          {
            "y": "1933-1945."
          }
        ]
      }
    },
    {
      "651": {
        "ind1": "\\",
        "ind2": "0",
        "subfields": [
          {
            "a": "Germany"
          },
          {
            "x": "Emigration and immigration"
          },
          {
            "x": "History"
          },
          {
            "y": "20th century."
          }
        ]
      }
    },
    {
      "650": {
        "ind1": "\\",
        "ind2": "0",
        "subfields": [
          {
            "a": "Germans"
          },
          {
            "z": "United States"
          },
          {
            "x": "History"
          },
          {
            "y": "20th century."
          }
        ]
      }
    },
    {
      "650": {
        "ind1": "\\",
        "ind2": "0",
        "subfields": [
          {
            "a": "Germans"
          },
          {
            "z": "Great Britain"
          },
          {
            "x": "History"
          },
          {
            "y": "20th century."
          }
        ]
      }
    },
    {
      "650": {
        "ind1": "\\",
        "ind2": "0",
        "subfields": [
          {
            "a": "Brain drain"
          },
          {
            "z": "Germany"
          },
          {
            "x": "History"
          },
          {
            "y": "20th century."
          }
        ]
      }
    },
    {
      "650": {
        "ind1": "\\",
        "ind2": "0",
        "subfields": [
          {
            "a": "Brain drain"
          },
          {
            "z": "United States"
          },
          {
            "x": "History"
          },
          {
            "y": "20th century."
          }
        ]
      }
    },
    {
      "650": {
        "ind1": "\\",
        "ind2": "0",
        "subfields": [
          {
            "a": "Brain drain"
          },
          {
            "z": "Great Britain"
          },
          {
            "x": "History"
          },
          {
            "y": "20th century."
          }
        ]
      }
    },
    {
      "651": {
        "ind1": "\\",
        "ind2": "0",
        "subfields": [
          {
            "a": "United States"
          },
          {
            "x": "Intellectual life"
          },
          {
            "y": "20th century."
          }
        ]
      }
    },
    {
      "651": {
        "ind1": "\\",
        "ind2": "0",
        "subfields": [
          {
            "a": "Great Britain"
          },
          {
            "x": "Intellectual life"
          },
          {
            "y": "20th century."
          }
        ]
      }
    },
    {
      "650": {
        "ind1": "\\",
        "ind2": "2",
        "subfields": [
          {
            "a": "Emigration and Immigration"
          },
          {
            "x": "history."
          }
        ]
      }
    },
    {
      "650": {
        "ind1": "\\",
        "ind2": "7",
        "subfields": [
          {
            "a": "Brain drain."
          },
          {
            "2": "fast"
          },
          {
            "0": "(OCoLC)fst00837756"
          }
        ]
      }
    },
    {
      "650": {
        "ind1": "\\",
        "ind2": "7",
        "subfields": [
          {
            "a": "Emigration and immigration."
          },
          {
            "2": "fast"
          },
          {
            "0": "(OCoLC)fst00908690"
          }
        ]
      }
    },
    {
      "650": {
        "ind1": "\\",
        "ind2": "7",
        "subfields": [
          {
            "a": "Germans."
          },
          {
            "2": "fast"
          },
          {
            "0": "(OCoLC)fst00942100"
          }
        ]
      }
    },
    {
      "650": {
        "ind1": "\\",
        "ind2": "7",
        "subfields": [
          {
            "a": "Intellectual life."
          },
          {
            "2": "fast"
          },
          {
            "0": "(OCoLC)fst00975769"
          }
        ]
      }
    },
    {
      "651": {
        "ind1": "\\",
        "ind2": "7",
        "subfields": [
          {
            "a": "Germany."
          },
          {
            "2": "fast"
          },
          {
            "0": "(OCoLC)fst01210272"
          }
        ]
      }
    },
    {
      "651": {
        "ind1": "\\",
        "ind2": "7",
        "subfields": [
          {
            "a": "Great Britain."
          },
          {
            "2": "fast"
          },
          {
            "0": "(OCoLC)fst01204623"
          }
        ]
      }
    },
    {
      "651": {
        "ind1": "\\",
        "ind2": "7",
        "subfields": [
          {
            "a": "United States."
          },
          {
            "2": "fast"
          },
          {
            "0": "(OCoLC)fst01204155"
          }
        ]
      }
    },
    {
      "648": {
        "ind1": "\\",
        "ind2": "7",
        "subfields": [
          {
            "a": "1900-1999"
          },
          {
            "2": "fast"
          }
        ]
      }
    },
    {
      "655": {
        "ind1": "\\",
        "ind2": "7",
        "subfields": [
          {
            "a": "History."
          },
          {
            "2": "fast"
          },
          {
            "0": "(OCoLC)fst01411628"
          }
        ]
      }
    },
    {
      "700": {
        "ind1": "1",
        "ind2": "\\",
        "subfields": [
          {
            "a": "Ash, Mitchell G."
          }
        ]
      }
    },
    {
      "700": {
        "ind1": "1",
        "ind2": "\\",
        "subfields": [
          {
            "a": "So\u0308llner, Alfons."
          }
        ]
      }
    },
    {
      "830": {
        "ind1": "\\",
        "ind2": "0",
        "subfields": [
          {
            "a": "Publications of the German Historical Institute."
          }
        ]
      }
    },
    {
      "856": {
        "ind1": "4",
        "ind2": "1",
        "subfields": [
          {
            "3": "Sample text"
          },
          {
            "u": "http://catdir.loc.gov/catdir/samples/cam031/95024894.html"
          }
        ]
      }
    },
    {
      "856": {
        "ind1": "4",
        "ind2": "1",
        "subfields": [
          {
            "3": "Table of contents"
          },
          {
            "u": "http://catdir.loc.gov/catdir/toc/cam026/95024894.html"
          }
        ]
      }
    },
    {
      "856": {
        "ind1": "4",
        "ind2": "2",
        "subfields": [
          {
            "3": "Publisher description"
          },
          {
            "u": "http://catdir.loc.gov/catdir/description/cam027/95024894.html"
          }
        ]
      }
    },
    {
      "994": {
        "ind1": "\\",
        "ind2": "\\",
        "subfields": [
          {
            "a": "Z0"
          },
          {
            "b": "NYRVC"
          }
        ]
      }
    },
    {
      "948": {
        "ind1": "\\",
        "ind2": "\\",
        "subfields": [
          {
            "h": "NO HOLDINGS IN NYRVC - 322 OTHER HOLDINGS"
          }
        ]
      }
    },
    {
      "999": {
        "ind1": "\\",
        "ind2": "\\",
        "subfields": [
          {
            "a": "00000000014583"
          }
        ]
      }
    }
  ]
}